<record><leader>00000cas a22000007a 4500</leader><controlfield tag="001">27051406</controlfield><controlfield tag="008">921202d195819uunyuwr ne      0    0eng d</controlfield><datafield ind1=" " ind2=" " tag="010"><subfield code="a">sn 92062245 </subfield></datafield><datafield ind1=" " ind2=" " tag="040"><subfield code="a">NYS</subfield><subfield code="b">eng</subfield><subfield code="c">NYS</subfield><subfield code="d">OCLCQ</subfield></datafield><datafield ind1=" " ind2=" " tag="042"><subfield code="a">msc</subfield></datafield><datafield ind1="0" ind2=" " tag="130"><subfield code="a">Town news (East Syracuse, N.Y.)</subfield></datafield><datafield ind1="1" ind2="0" tag="245"><subfield code="a">Town news.</subfield></datafield><datafield ind1=" " ind2=" " tag="260"><subfield code="a">East Syracuse, N.Y. :</subfield><subfield code="b">C.B. Weschke</subfield></datafield><datafield ind1=" " ind2=" " tag="300"><subfield code="a">v.</subfield></datafield><datafield ind1=" " ind2=" " tag="310"><subfield code="a">Weekly</subfield></datafield><datafield ind1="0" ind2=" " tag="362"><subfield code="a">Vol. 16, no. 10 (Mar. 6, 1958)-</subfield></datafield><datafield ind1=" " ind2=" " tag="500"><subfield code="a">Publishers: C.B. Weschke, Mar. 6-Oct. 16, 1958; DeWitt Pub. Co., Inc., Oct. 23, 1958-&lt;Dec. 29, 1960&gt;.</subfield></datafield><datafield ind1=" " ind2="4" tag="651"><subfield code="a">East Syracuse (N.Y.)</subfield><subfield code="v">Newspapers.</subfield></datafield><datafield ind1=" " ind2=" " tag="752"><subfield code="a">United States</subfield><subfield code="b">New York</subfield><subfield code="c">Onondaga</subfield><subfield code="d">East Syracuse.</subfield></datafield><datafield ind1="0" ind2="0" tag="780"><subfield code="t">Dewitt-East Syracuse town news</subfield><subfield code="w">(DLC)sn 92062244</subfield></datafield><datafield ind1="1" ind2=" " tag="029"><subfield code="a">AU@</subfield><subfield code="b">000020718062</subfield></datafield></record>